%YAML 1.1
%TAG !u! tag:unity3d.com,2011:
--- !u!1001 &100100000
Prefab:
  m_ObjectHideFlags: 1
  serializedVersion: 2
  m_Modification:
    m_TransformParent: {fileID: 0}
    m_Modifications: []
    m_RemovedComponents: []
  m_ParentPrefab: {fileID: 0}
  m_RootGameObject: {fileID: 1229759130013050}
  m_IsPrefabParent: 1
--- !u!1 &1229759130013050
GameObject:
  m_ObjectHideFlags: 0
  m_PrefabParentObject: {fileID: 0}
  m_PrefabInternal: {fileID: 100100000}
  serializedVersion: 5
  m_Component:
  - component: {fileID: 4959239574953042}
  - component: {fileID: 114706963353324160}
  m_Layer: 0
  m_Name: WaterPlanet
  m_TagString: Untagged
  m_Icon: {fileID: 0}
  m_NavMeshLayer: 0
  m_StaticEditorFlags: 0
  m_IsActive: 1
--- !u!1 &1319680160451246
GameObject:
  m_ObjectHideFlags: 0
  m_PrefabParentObject: {fileID: 0}
  m_PrefabInternal: {fileID: 100100000}
  serializedVersion: 5
  m_Component:
  - component: {fileID: 4021621817728146}
  - component: {fileID: 23246060840896240}
  - component: {fileID: 33964403426797568}
  - component: {fileID: 114352392272188260}
  - component: {fileID: 114135047559196420}
  - component: {fileID: 61248869908518760}
  m_Layer: 0
  m_Name: Water2D_Calm (3)
  m_TagString: Untagged
  m_Icon: {fileID: 0}
  m_NavMeshLayer: 0
  m_StaticEditorFlags: 0
  m_IsActive: 1
--- !u!1 &1506996651826400
GameObject:
  m_ObjectHideFlags: 0
  m_PrefabParentObject: {fileID: 0}
  m_PrefabInternal: {fileID: 100100000}
  serializedVersion: 5
  m_Component:
  - component: {fileID: 4093417651269282}
  - component: {fileID: 212828834222564940}
  - component: {fileID: 68926324102719916}
  m_Layer: 8
  m_Name: boo_watery_planet1
  m_TagString: Untagged
  m_Icon: {fileID: 0}
  m_NavMeshLayer: 0
  m_StaticEditorFlags: 0
  m_IsActive: 1
--- !u!1 &1813337772286944
GameObject:
  m_ObjectHideFlags: 0
  m_PrefabParentObject: {fileID: 0}
  m_PrefabInternal: {fileID: 100100000}
  serializedVersion: 5
  m_Component:
  - component: {fileID: 4416425243517938}
  - component: {fileID: 23757738031741524}
  - component: {fileID: 33575253959886220}
  - component: {fileID: 114555648795702922}
  - component: {fileID: 114060519998024704}
  - component: {fileID: 61966524283314274}
  m_Layer: 0
  m_Name: Water2D_Calm (1)
  m_TagString: Untagged
  m_Icon: {fileID: 0}
  m_NavMeshLayer: 0
  m_StaticEditorFlags: 0
  m_IsActive: 1
--- !u!4 &4021621817728146
Transform:
  m_ObjectHideFlags: 1
  m_PrefabParentObject: {fileID: 0}
  m_PrefabInternal: {fileID: 100100000}
  m_GameObject: {fileID: 1319680160451246}
  m_LocalRotation: {x: -0, y: -0, z: -0.9526126, w: 0.30418637}
  m_LocalPosition: {x: 2.3669996, y: -1.5250015, z: 0}
  m_LocalScale: {x: 0.49826038, y: 3.006247, z: 1}
  m_Children: []
  m_Father: {fileID: 4959239574953042}
  m_RootOrder: 2
  m_LocalEulerAnglesHint: {x: 0, y: 0, z: -144.582}
--- !u!4 &4093417651269282
Transform:
  m_ObjectHideFlags: 1
  m_PrefabParentObject: {fileID: 0}
  m_PrefabInternal: {fileID: 100100000}
  m_GameObject: {fileID: 1506996651826400}
  m_LocalRotation: {x: -0, y: -0, z: -0, w: 1}
  m_LocalPosition: {x: 0.09999943, y: 0.19999695, z: 0}
  m_LocalScale: {x: 1.8058519, y: 1.8058519, z: 1.8058519}
  m_Children: []
  m_Father: {fileID: 4959239574953042}
  m_RootOrder: 0
  m_LocalEulerAnglesHint: {x: 0, y: 0, z: 0}
--- !u!4 &4416425243517938
Transform:
  m_ObjectHideFlags: 1
  m_PrefabParentObject: {fileID: 0}
  m_PrefabInternal: {fileID: 100100000}
  m_GameObject: {fileID: 1813337772286944}
  m_LocalRotation: {x: -0, y: -0, z: -0.49996543, w: -0.86604536}
  m_LocalPosition: {x: -3.46, y: 2.1599998, z: 0}
  m_LocalScale: {x: 0.36132395, y: 2.6203918, z: 1}
  m_Children: []
  m_Father: {fileID: 4959239574953042}
  m_RootOrder: 1
  m_LocalEulerAnglesHint: {x: 0, y: 0, z: 59.995003}
--- !u!4 &4959239574953042
Transform:
  m_ObjectHideFlags: 1
  m_PrefabParentObject: {fileID: 0}
  m_PrefabInternal: {fileID: 100100000}
  m_GameObject: {fileID: 1229759130013050}
  m_LocalRotation: {x: 0, y: 0, z: 0, w: 1}
  m_LocalPosition: {x: 11.8, y: 34.9, z: 0}
  m_LocalScale: {x: 1, y: 1, z: 1}
  m_Children:
  - {fileID: 4093417651269282}
  - {fileID: 4416425243517938}
  - {fileID: 4021621817728146}
  m_Father: {fileID: 0}
  m_RootOrder: 0
  m_LocalEulerAnglesHint: {x: 0, y: 0, z: 0}
--- !u!23 &23246060840896240
MeshRenderer:
  m_ObjectHideFlags: 1
  m_PrefabParentObject: {fileID: 0}
  m_PrefabInternal: {fileID: 100100000}
  m_GameObject: {fileID: 1319680160451246}
  m_Enabled: 1
  m_CastShadows: 1
  m_ReceiveShadows: 1
  m_MotionVectors: 1
  m_LightProbeUsage: 1
  m_ReflectionProbeUsage: 1
  m_Materials:
  - {fileID: 2100000, guid: 4c4b0ebf5070b9a42a11cbb8fee9d38d, type: 2}
  m_StaticBatchInfo:
    firstSubMesh: 0
    subMeshCount: 0
  m_StaticBatchRoot: {fileID: 0}
  m_ProbeAnchor: {fileID: 0}
  m_LightProbeVolumeOverride: {fileID: 0}
  m_ScaleInLightmap: 1
  m_PreserveUVs: 0
  m_IgnoreNormalsForChartDetection: 0
  m_ImportantGI: 0
  m_SelectedEditorRenderState: 3
  m_MinimumChartSize: 4
  m_AutoUVMaxDistance: 0.5
  m_AutoUVMaxAngle: 89
  m_LightmapParameters: {fileID: 0}
  m_SortingLayerID: 0
  m_SortingLayer: 0
  m_SortingOrder: 0
--- !u!23 &23757738031741524
MeshRenderer:
  m_ObjectHideFlags: 1
  m_PrefabParentObject: {fileID: 0}
  m_PrefabInternal: {fileID: 100100000}
  m_GameObject: {fileID: 1813337772286944}
  m_Enabled: 1
  m_CastShadows: 1
  m_ReceiveShadows: 1
  m_MotionVectors: 1
  m_LightProbeUsage: 1
  m_ReflectionProbeUsage: 1
  m_Materials:
  - {fileID: 2100000, guid: 4c4b0ebf5070b9a42a11cbb8fee9d38d, type: 2}
  m_StaticBatchInfo:
    firstSubMesh: 0
    subMeshCount: 0
  m_StaticBatchRoot: {fileID: 0}
  m_ProbeAnchor: {fileID: 0}
  m_LightProbeVolumeOverride: {fileID: 0}
  m_ScaleInLightmap: 1
  m_PreserveUVs: 0
  m_IgnoreNormalsForChartDetection: 0
  m_ImportantGI: 0
  m_SelectedEditorRenderState: 3
  m_MinimumChartSize: 4
  m_AutoUVMaxDistance: 0.5
  m_AutoUVMaxAngle: 89
  m_LightmapParameters: {fileID: 0}
  m_SortingLayerID: 0
  m_SortingLayer: 0
  m_SortingOrder: 0
--- !u!33 &33575253959886220
MeshFilter:
  m_ObjectHideFlags: 1
  m_PrefabParentObject: {fileID: 0}
  m_PrefabInternal: {fileID: 100100000}
  m_GameObject: {fileID: 1813337772286944}
  m_Mesh: {fileID: 0}
--- !u!33 &33964403426797568
MeshFilter:
  m_ObjectHideFlags: 1
  m_PrefabParentObject: {fileID: 0}
  m_PrefabInternal: {fileID: 100100000}
  m_GameObject: {fileID: 1319680160451246}
  m_Mesh: {fileID: 0}
--- !u!61 &61248869908518760
BoxCollider2D:
  m_ObjectHideFlags: 1
  m_PrefabParentObject: {fileID: 0}
  m_PrefabInternal: {fileID: 100100000}
  m_GameObject: {fileID: 1319680160451246}
  m_Enabled: 1
  m_Density: 1
  m_Material: {fileID: 0}
  m_IsTrigger: 1
  m_UsedByEffector: 0
  m_UsedByComposite: 0
  m_Offset: {x: 0, y: 0}
  m_SpriteTilingProperty:
    border: {x: 0, y: 0, z: 0, w: 0}
    pivot: {x: 0, y: 0}
    oldSize: {x: 0, y: 0}
    newSize: {x: 0, y: 0}
    adaptiveTilingThreshold: 0
    drawMode: 0
    adaptiveTiling: 0
  m_AutoTiling: 0
  serializedVersion: 2
  m_Size: {x: 18, y: 3}
  m_EdgeRadius: 0
--- !u!61 &61966524283314274
BoxCollider2D:
  m_ObjectHideFlags: 1
  m_PrefabParentObject: {fileID: 0}
  m_PrefabInternal: {fileID: 100100000}
  m_GameObject: {fileID: 1813337772286944}
  m_Enabled: 1
  m_Density: 1
  m_Material: {fileID: 0}
  m_IsTrigger: 1
  m_UsedByEffector: 0
  m_UsedByComposite: 0
  m_Offset: {x: 0, y: 0}
  m_SpriteTilingProperty:
    border: {x: 0, y: 0, z: 0, w: 0}
    pivot: {x: 0, y: 0}
    oldSize: {x: 0, y: 0}
    newSize: {x: 0, y: 0}
    adaptiveTilingThreshold: 0
    drawMode: 0
    adaptiveTiling: 0
  m_AutoTiling: 0
  serializedVersion: 2
  m_Size: {x: 18, y: 3}
  m_EdgeRadius: 0
--- !u!68 &68926324102719916
EdgeCollider2D:
  m_ObjectHideFlags: 1
  m_PrefabParentObject: {fileID: 0}
  m_PrefabInternal: {fileID: 100100000}
  m_GameObject: {fileID: 1506996651826400}
  m_Enabled: 1
  m_Density: 1
  m_Material: {fileID: 0}
  m_IsTrigger: 0
  m_UsedByEffector: 0
  m_UsedByComposite: 0
  m_Offset: {x: 0, y: 0}
  m_EdgeRadius: 0
  m_Points:
  - {x: -4.8317504, y: 0.67550176}
  - {x: -4.1083846, y: 0.5870299}
  - {x: -3.0851355, y: 1.1199272}
  - {x: -2.751893, y: 2.2229319}
  - {x: -2.7147992, y: 2.9553735}
  - {x: -2.627796, y: 3.6767612}
  - {x: -2.938645, y: 3.8805578}
  - {x: -2.3231158, y: 4.2974606}
  - {x: -1.3144484, y: 4.602655}
  - {x: 0.5199498, y: 4.792286}
  - {x: 1.9318609, y: 4.234025}
  - {x: 3.2169394, y: 3.6623101}
  - {x: 4.4611588, y: 1.9783255}
  - {x: 5.2037916, y: 0.37324992}
  - {x: 5.1155996, y: -0.98899585}
  - {x: 4.75228, y: -2.2251816}
  - {x: 4.1327953, y: -1.4985638}
  - {x: 2.8174047, y: -1.9599952}
  - {x: 1.1959871, y: -3.3270435}
  - {x: 0.9988719, y: -4.751791}
  - {x: -1.0682455, y: -4.457708}
  - {x: -3.2255695, y: -3.523262}
  - {x: -4.484114, y: -1.5984849}
  - {x: -4.784217, y: 0.59603083}
  - {x: -4.7842145, y: 0.55629647}
--- !u!114 &114060519998024704
MonoBehaviour:
  m_ObjectHideFlags: 1
  m_PrefabParentObject: {fileID: 0}
  m_PrefabInternal: {fileID: 100100000}
  m_GameObject: {fileID: 1813337772286944}
  m_Enabled: 1
  m_EditorHideFlags: 0
  m_Script: {fileID: 11500000, guid: df6f179b749fc074db1fc1029b52ff07, type: 3}
  m_Name: 
  m_EditorClassIdentifier: 
--- !u!114 &114135047559196420
MonoBehaviour:
  m_ObjectHideFlags: 1
  m_PrefabParentObject: {fileID: 0}
  m_PrefabInternal: {fileID: 100100000}
  m_GameObject: {fileID: 1319680160451246}
  m_Enabled: 1
  m_EditorHideFlags: 0
  m_Script: {fileID: 11500000, guid: df6f179b749fc074db1fc1029b52ff07, type: 3}
  m_Name: 
  m_EditorClassIdentifier: 
--- !u!114 &114352392272188260
MonoBehaviour:
  m_ObjectHideFlags: 1
  m_PrefabParentObject: {fileID: 0}
  m_PrefabInternal: {fileID: 100100000}
  m_GameObject: {fileID: 1319680160451246}
  m_Enabled: 1
  m_EditorHideFlags: 0
  m_Script: {fileID: 11500000, guid: 7d308ec24a253f046918f7dc6165e27b, type: 3}
  m_Name: 
  m_EditorClassIdentifier: 
  drawDebugShapes: 1
  size: {x: 18, y: 3}
  segments: 18
  softness: 3
  speedMultiplier: 0.3
  accelerationMultiplier: 2.1
  waveHeight: 0.045
  randomness: 0.2
  vertexCount: 19
  softVertexCount: 73
  softFacesPerSegment: 4
  softSegments: 72
  lowerLimit: -1
  upperLimit: 1
  vertices:
  - {x: -9, y: 1.5, z: 0}
  - {x: -9, y: -1.5, z: 0}
  - {x: -8.75, y: 1.5, z: 0}
  - {x: -8.75, y: -1.5, z: 0}
  - {x: -8.5, y: 1.5, z: 0}
  - {x: -8.5, y: -1.5, z: 0}
  - {x: -8.25, y: 1.5, z: 0}
  - {x: -8.25, y: -1.5, z: 0}
  - {x: -8, y: 1.5, z: 0}
  - {x: -8, y: -1.5, z: 0}
  - {x: -7.75, y: 1.5, z: 0}
  - {x: -7.75, y: -1.5, z: 0}
  - {x: -7.5, y: 1.5, z: 0}
  - {x: -7.5, y: -1.5, z: 0}
  - {x: -7.25, y: 1.5, z: 0}
  - {x: -7.25, y: -1.5, z: 0}
  - {x: -7, y: 1.5, z: 0}
  - {x: -7, y: -1.5, z: 0}
  - {x: -6.75, y: 1.5, z: 0}
  - {x: -6.75, y: -1.5, z: 0}
  - {x: -6.5, y: 1.5, z: 0}
  - {x: -6.5, y: -1.5, z: 0}
  - {x: -6.25, y: 1.5, z: 0}
  - {x: -6.25, y: -1.5, z: 0}
  - {x: -6, y: 1.5, z: 0}
  - {x: -6, y: -1.5, z: 0}
  - {x: -5.75, y: 1.5, z: 0}
  - {x: -5.75, y: -1.5, z: 0}
  - {x: -5.5, y: 1.5, z: 0}
  - {x: -5.5, y: -1.5, z: 0}
  - {x: -5.25, y: 1.5, z: 0}
  - {x: -5.25, y: -1.5, z: 0}
  - {x: -5, y: 1.5, z: 0}
  - {x: -5, y: -1.5, z: 0}
  - {x: -4.75, y: 1.5, z: 0}
  - {x: -4.75, y: -1.5, z: 0}
  - {x: -4.5, y: 1.5, z: 0}
  - {x: -4.5, y: -1.5, z: 0}
  - {x: -4.25, y: 1.5, z: 0}
  - {x: -4.25, y: -1.5, z: 0}
  - {x: -4, y: 1.5, z: 0}
  - {x: -4, y: -1.5, z: 0}
  - {x: -3.75, y: 1.5, z: 0}
  - {x: -3.75, y: -1.5, z: 0}
  - {x: -3.5, y: 1.5, z: 0}
  - {x: -3.5, y: -1.5, z: 0}
  - {x: -3.25, y: 1.5, z: 0}
  - {x: -3.25, y: -1.5, z: 0}
  - {x: -3, y: 1.5, z: 0}
  - {x: -3, y: -1.5, z: 0}
  - {x: -2.75, y: 1.5, z: 0}
  - {x: -2.75, y: -1.5, z: 0}
  - {x: -2.5, y: 1.5, z: 0}
  - {x: -2.5, y: -1.5, z: 0}
  - {x: -2.25, y: 1.5, z: 0}
  - {x: -2.25, y: -1.5, z: 0}
  - {x: -2, y: 1.5, z: 0}
  - {x: -2, y: -1.5, z: 0}
  - {x: -1.75, y: 1.5, z: 0}
  - {x: -1.75, y: -1.5, z: 0}
  - {x: -1.5, y: 1.5, z: 0}
  - {x: -1.5, y: -1.5, z: 0}
  - {x: -1.25, y: 1.5, z: 0}
  - {x: -1.25, y: -1.5, z: 0}
  - {x: -1, y: 1.5, z: 0}
  - {x: -1, y: -1.5, z: 0}
  - {x: -0.75, y: 1.5, z: 0}
  - {x: -0.75, y: -1.5, z: 0}
  - {x: -0.5, y: 1.5, z: 0}
  - {x: -0.5, y: -1.5, z: 0}
  - {x: -0.25, y: 1.5, z: 0}
  - {x: -0.25, y: -1.5, z: 0}
  - {x: 0, y: 1.5, z: 0}
  - {x: 0, y: -1.5, z: 0}
  - {x: 0.25, y: 1.5, z: 0}
  - {x: 0.25, y: -1.5, z: 0}
  - {x: 0.5, y: 1.5, z: 0}
  - {x: 0.5, y: -1.5, z: 0}
  - {x: 0.75, y: 1.5, z: 0}
  - {x: 0.75, y: -1.5, z: 0}
  - {x: 1, y: 1.5, z: 0}
  - {x: 1, y: -1.5, z: 0}
  - {x: 1.25, y: 1.5, z: 0}
  - {x: 1.25, y: -1.5, z: 0}
  - {x: 1.5, y: 1.5, z: 0}
  - {x: 1.5, y: -1.5, z: 0}
  - {x: 1.75, y: 1.5, z: 0}
  - {x: 1.75, y: -1.5, z: 0}
  - {x: 2, y: 1.5, z: 0}
  - {x: 2, y: -1.5, z: 0}
  - {x: 2.25, y: 1.5, z: 0}
  - {x: 2.25, y: -1.5, z: 0}
  - {x: 2.5, y: 1.5, z: 0}
  - {x: 2.5, y: -1.5, z: 0}
  - {x: 2.75, y: 1.5, z: 0}
  - {x: 2.75, y: -1.5, z: 0}
  - {x: 3, y: 1.5, z: 0}
  - {x: 3, y: -1.5, z: 0}
  - {x: 3.25, y: 1.5, z: 0}
  - {x: 3.25, y: -1.5, z: 0}
  - {x: 3.5, y: 1.5, z: 0}
  - {x: 3.5, y: -1.5, z: 0}
  - {x: 3.75, y: 1.5, z: 0}
  - {x: 3.75, y: -1.5, z: 0}
  - {x: 4, y: 1.5, z: 0}
  - {x: 4, y: -1.5, z: 0}
  - {x: 4.25, y: 1.5, z: 0}
  - {x: 4.25, y: -1.5, z: 0}
  - {x: 4.5, y: 1.5, z: 0}
  - {x: 4.5, y: -1.5, z: 0}
  - {x: 4.75, y: 1.5, z: 0}
  - {x: 4.75, y: -1.5, z: 0}
  - {x: 5, y: 1.5, z: 0}
  - {x: 5, y: -1.5, z: 0}
  - {x: 5.25, y: 1.5, z: 0}
  - {x: 5.25, y: -1.5, z: 0}
  - {x: 5.5, y: 1.5, z: 0}
  - {x: 5.5, y: -1.5, z: 0}
  - {x: 5.75, y: 1.5, z: 0}
  - {x: 5.75, y: -1.5, z: 0}
  - {x: 6, y: 1.5, z: 0}
  - {x: 6, y: -1.5, z: 0}
  - {x: 6.25, y: 1.5, z: 0}
  - {x: 6.25, y: -1.5, z: 0}
  - {x: 6.5, y: 1.5, z: 0}
  - {x: 6.5, y: -1.5, z: 0}
  - {x: 6.75, y: 1.5, z: 0}
  - {x: 6.75, y: -1.5, z: 0}
  - {x: 7, y: 1.5, z: 0}
  - {x: 7, y: -1.5, z: 0}
  - {x: 7.25, y: 1.5, z: 0}
  - {x: 7.25, y: -1.5, z: 0}
  - {x: 7.5, y: 1.5, z: 0}
  - {x: 7.5, y: -1.5, z: 0}
  - {x: 7.75, y: 1.5, z: 0}
  - {x: 7.75, y: -1.5, z: 0}
  - {x: 8, y: 1.5, z: 0}
  - {x: 8, y: -1.5, z: 0}
  - {x: 8.25, y: 1.5, z: 0}
  - {x: 8.25, y: -1.5, z: 0}
  - {x: 8.5, y: 1.5, z: 0}
  - {x: 8.5, y: -1.5, z: 0}
  - {x: 8.75, y: 1.5, z: 0}
  - {x: 8.75, y: -1.5, z: 0}
  - {x: 9, y: 1.5, z: 0}
  - {x: 9, y: -1.5, z: 0}
  vertexTransforms:
  - position: 1.5
    velocity: 0.59395546
    acceleration: 1.0435516
  - position: 1.5
    velocity: 0.64545107
    acceleration: 0.8531583
  - position: 1.5
    velocity: 0.7116919
    acceleration: -1.0335355
  - position: 1.5
    velocity: -0.61170155
    acceleration: 1.151979
  - position: 1.5
    velocity: 0.5862545
    acceleration: 0.834058
  - position: 1.5
    velocity: -0.59763724
    acceleration: -1.0087645
  - position: 1.5
    velocity: -0.7126631
    acceleration: 0.89619017
  - position: 1.5
    velocity: 0.70902
    acceleration: -1.1311439
  - position: 1.5
    velocity: 0.7033964
    acceleration: 1.1690316
  - position: 1.5
    velocity: -0.6709184
    acceleration: -0.97801554
  - position: 1.5
    velocity: 0.6169667
    acceleration: -0.8212083
  - position: 1.5
    velocity: -0.6145544
    acceleration: -0.8629331
  - position: 1.5
    velocity: 0.50892055
    acceleration: -1.1695833
  - position: 1.5
    velocity: 0.55015844
    acceleration: 0.85094863
  - position: 1.5
    velocity: -0.6824457
    acceleration: -1.1210711
  - position: 1.5
    velocity: 0.57638973
    acceleration: 1.1047184
  - position: 1.5
    velocity: -0.5721398
    acceleration: -1.0139716
  - position: 1.5
    velocity: -0.62640977
    acceleration: -1.0868651
  - position: 1.5
    velocity: 0.58103955
    acceleration: -1.048371
--- !u!114 &114555648795702922
MonoBehaviour:
  m_ObjectHideFlags: 1
  m_PrefabParentObject: {fileID: 0}
  m_PrefabInternal: {fileID: 100100000}
  m_GameObject: {fileID: 1813337772286944}
  m_Enabled: 1
  m_EditorHideFlags: 0
  m_Script: {fileID: 11500000, guid: 7d308ec24a253f046918f7dc6165e27b, type: 3}
  m_Name: 
  m_EditorClassIdentifier: 
  drawDebugShapes: 1
  size: {x: 18, y: 3}
  segments: 18
  softness: 3
  speedMultiplier: 0.3
  accelerationMultiplier: 2.1
  waveHeight: 0.045
  randomness: 0.2
  vertexCount: 19
  softVertexCount: 73
  softFacesPerSegment: 4
  softSegments: 72
  lowerLimit: -1
  upperLimit: 1
  vertices:
  - {x: -9, y: 1.5, z: 0}
  - {x: -9, y: -1.5, z: 0}
  - {x: -8.75, y: 1.5, z: 0}
  - {x: -8.75, y: -1.5, z: 0}
  - {x: -8.5, y: 1.5, z: 0}
  - {x: -8.5, y: -1.5, z: 0}
  - {x: -8.25, y: 1.5, z: 0}
  - {x: -8.25, y: -1.5, z: 0}
  - {x: -8, y: 1.5, z: 0}
  - {x: -8, y: -1.5, z: 0}
  - {x: -7.75, y: 1.5, z: 0}
  - {x: -7.75, y: -1.5, z: 0}
  - {x: -7.5, y: 1.5, z: 0}
  - {x: -7.5, y: -1.5, z: 0}
  - {x: -7.25, y: 1.5, z: 0}
  - {x: -7.25, y: -1.5, z: 0}
  - {x: -7, y: 1.5, z: 0}
  - {x: -7, y: -1.5, z: 0}
  - {x: -6.75, y: 1.5, z: 0}
  - {x: -6.75, y: -1.5, z: 0}
  - {x: -6.5, y: 1.5, z: 0}
  - {x: -6.5, y: -1.5, z: 0}
  - {x: -6.25, y: 1.5, z: 0}
  - {x: -6.25, y: -1.5, z: 0}
  - {x: -6, y: 1.5, z: 0}
  - {x: -6, y: -1.5, z: 0}
  - {x: -5.75, y: 1.5, z: 0}
  - {x: -5.75, y: -1.5, z: 0}
  - {x: -5.5, y: 1.5, z: 0}
  - {x: -5.5, y: -1.5, z: 0}
  - {x: -5.25, y: 1.5, z: 0}
  - {x: -5.25, y: -1.5, z: 0}
  - {x: -5, y: 1.5, z: 0}
  - {x: -5, y: -1.5, z: 0}
  - {x: -4.75, y: 1.5, z: 0}
  - {x: -4.75, y: -1.5, z: 0}
  - {x: -4.5, y: 1.5, z: 0}
  - {x: -4.5, y: -1.5, z: 0}
  - {x: -4.25, y: 1.5, z: 0}
  - {x: -4.25, y: -1.5, z: 0}
  - {x: -4, y: 1.5, z: 0}
  - {x: -4, y: -1.5, z: 0}
  - {x: -3.75, y: 1.5, z: 0}
  - {x: -3.75, y: -1.5, z: 0}
  - {x: -3.5, y: 1.5, z: 0}
  - {x: -3.5, y: -1.5, z: 0}
  - {x: -3.25, y: 1.5, z: 0}
  - {x: -3.25, y: -1.5, z: 0}
  - {x: -3, y: 1.5, z: 0}
  - {x: -3, y: -1.5, z: 0}
  - {x: -2.75, y: 1.5, z: 0}
  - {x: -2.75, y: -1.5, z: 0}
  - {x: -2.5, y: 1.5, z: 0}
  - {x: -2.5, y: -1.5, z: 0}
  - {x: -2.25, y: 1.5, z: 0}
  - {x: -2.25, y: -1.5, z: 0}
  - {x: -2, y: 1.5, z: 0}
  - {x: -2, y: -1.5, z: 0}
  - {x: -1.75, y: 1.5, z: 0}
  - {x: -1.75, y: -1.5, z: 0}
  - {x: -1.5, y: 1.5, z: 0}
  - {x: -1.5, y: -1.5, z: 0}
  - {x: -1.25, y: 1.5, z: 0}
  - {x: -1.25, y: -1.5, z: 0}
  - {x: -1, y: 1.5, z: 0}
  - {x: -1, y: -1.5, z: 0}
  - {x: -0.75, y: 1.5, z: 0}
  - {x: -0.75, y: -1.5, z: 0}
  - {x: -0.5, y: 1.5, z: 0}
  - {x: -0.5, y: -1.5, z: 0}
  - {x: -0.25, y: 1.5, z: 0}
  - {x: -0.25, y: -1.5, z: 0}
  - {x: 0, y: 1.5, z: 0}
  - {x: 0, y: -1.5, z: 0}
  - {x: 0.25, y: 1.5, z: 0}
  - {x: 0.25, y: -1.5, z: 0}
  - {x: 0.5, y: 1.5, z: 0}
  - {x: 0.5, y: -1.5, z: 0}
  - {x: 0.75, y: 1.5, z: 0}
  - {x: 0.75, y: -1.5, z: 0}
  - {x: 1, y: 1.5, z: 0}
  - {x: 1, y: -1.5, z: 0}
  - {x: 1.25, y: 1.5, z: 0}
  - {x: 1.25, y: -1.5, z: 0}
  - {x: 1.5, y: 1.5, z: 0}
  - {x: 1.5, y: -1.5, z: 0}
  - {x: 1.75, y: 1.5, z: 0}
  - {x: 1.75, y: -1.5, z: 0}
  - {x: 2, y: 1.5, z: 0}
  - {x: 2, y: -1.5, z: 0}
  - {x: 2.25, y: 1.5, z: 0}
  - {x: 2.25, y: -1.5, z: 0}
  - {x: 2.5, y: 1.5, z: 0}
  - {x: 2.5, y: -1.5, z: 0}
  - {x: 2.75, y: 1.5, z: 0}
  - {x: 2.75, y: -1.5, z: 0}
  - {x: 3, y: 1.5, z: 0}
  - {x: 3, y: -1.5, z: 0}
  - {x: 3.25, y: 1.5, z: 0}
  - {x: 3.25, y: -1.5, z: 0}
  - {x: 3.5, y: 1.5, z: 0}
  - {x: 3.5, y: -1.5, z: 0}
  - {x: 3.75, y: 1.5, z: 0}
  - {x: 3.75, y: -1.5, z: 0}
  - {x: 4, y: 1.5, z: 0}
  - {x: 4, y: -1.5, z: 0}
  - {x: 4.25, y: 1.5, z: 0}
  - {x: 4.25, y: -1.5, z: 0}
  - {x: 4.5, y: 1.5, z: 0}
  - {x: 4.5, y: -1.5, z: 0}
  - {x: 4.75, y: 1.5, z: 0}
  - {x: 4.75, y: -1.5, z: 0}
  - {x: 5, y: 1.5, z: 0}
  - {x: 5, y: -1.5, z: 0}
  - {x: 5.25, y: 1.5, z: 0}
  - {x: 5.25, y: -1.5, z: 0}
  - {x: 5.5, y: 1.5, z: 0}
  - {x: 5.5, y: -1.5, z: 0}
  - {x: 5.75, y: 1.5, z: 0}
  - {x: 5.75, y: -1.5, z: 0}
  - {x: 6, y: 1.5, z: 0}
  - {x: 6, y: -1.5, z: 0}
  - {x: 6.25, y: 1.5, z: 0}
  - {x: 6.25, y: -1.5, z: 0}
  - {x: 6.5, y: 1.5, z: 0}
  - {x: 6.5, y: -1.5, z: 0}
  - {x: 6.75, y: 1.5, z: 0}
  - {x: 6.75, y: -1.5, z: 0}
  - {x: 7, y: 1.5, z: 0}
  - {x: 7, y: -1.5, z: 0}
  - {x: 7.25, y: 1.5, z: 0}
  - {x: 7.25, y: -1.5, z: 0}
  - {x: 7.5, y: 1.5, z: 0}
  - {x: 7.5, y: -1.5, z: 0}
  - {x: 7.75, y: 1.5, z: 0}
  - {x: 7.75, y: -1.5, z: 0}
  - {x: 8, y: 1.5, z: 0}
  - {x: 8, y: -1.5, z: 0}
  - {x: 8.25, y: 1.5, z: 0}
  - {x: 8.25, y: -1.5, z: 0}
  - {x: 8.5, y: 1.5, z: 0}
  - {x: 8.5, y: -1.5, z: 0}
  - {x: 8.75, y: 1.5, z: 0}
  - {x: 8.75, y: -1.5, z: 0}
  - {x: 9, y: 1.5, z: 0}
  - {x: 9, y: -1.5, z: 0}
  vertexTransforms:
  - position: 1.5
    velocity: 0.56861615
    acceleration: -1.071141
  - position: 1.5
    velocity: -0.5499336
    acceleration: 1.1581149
  - position: 1.5
    velocity: -0.5966144
    acceleration: 1.1939042
  - position: 1.5
    velocity: -0.64835393
    acceleration: -0.9763116
  - position: 1.5
    velocity: 0.52368283
    acceleration: -1.1572411
  - position: 1.5
    velocity: -0.59845763
    acceleration: 0.9216506
  - position: 1.5
    velocity: -0.60135084
    acceleration: 1.189975
  - position: 1.5
    velocity: 0.5897818
    acceleration: -1.0306714
  - position: 1.5
    velocity: -0.6728924
    acceleration: -1.0060661
  - position: 1.5
    velocity: 0.60687375
    acceleration: 1.0633465
  - position: 1.5
    velocity: 0.58479893
    acceleration: -1.0137016
  - position: 1.5
    velocity: -0.48920694
    acceleration: 1.1633723
  - position: 1.5
    velocity: -0.5946448
    acceleration: -0.84620255
  - position: 1.5
    velocity: 0.57273793
    acceleration: -1.1042286
  - position: 1.5
    velocity: 0.5243143
    acceleration: 0.97481954
  - position: 1.5
    velocity: -0.6712351
    acceleration: -0.92230344
  - position: 1.5
    velocity: 0.6493293
    acceleration: 0.866779
  - position: 1.5
    velocity: -0.5674454
    acceleration: 1.1623182
  - position: 1.5
    velocity: -0.5667538
    acceleration: 1.0505975
--- !u!114 &114706963353324160
MonoBehaviour:
  m_ObjectHideFlags: 1
  m_PrefabParentObject: {fileID: 0}
  m_PrefabInternal: {fileID: 100100000}
  m_GameObject: {fileID: 1229759130013050}
  m_Enabled: 1
  m_EditorHideFlags: 0
  m_Script: {fileID: 11500000, guid: 6d3db407097cee24bbc489fafb100c0d, type: 3}
  m_Name: 
  m_EditorClassIdentifier: 
  DistanceOfEffect: 15.18
--- !u!212 &212828834222564940
SpriteRenderer:
  m_ObjectHideFlags: 1
  m_PrefabParentObject: {fileID: 0}
  m_PrefabInternal: {fileID: 100100000}
  m_GameObject: {fileID: 1506996651826400}
  m_Enabled: 1
  m_CastShadows: 0
  m_ReceiveShadows: 0
  m_MotionVectors: 1
  m_LightProbeUsage: 1
  m_ReflectionProbeUsage: 1
  m_Materials:
  - {fileID: 10754, guid: 0000000000000000f000000000000000, type: 0}
  m_StaticBatchInfo:
    firstSubMesh: 0
    subMeshCount: 0
  m_StaticBatchRoot: {fileID: 0}
  m_ProbeAnchor: {fileID: 0}
  m_LightProbeVolumeOverride: {fileID: 0}
  m_ScaleInLightmap: 1
  m_PreserveUVs: 0
  m_IgnoreNormalsForChartDetection: 0
  m_ImportantGI: 0
  m_SelectedEditorRenderState: 0
  m_MinimumChartSize: 4
  m_AutoUVMaxDistance: 0.5
  m_AutoUVMaxAngle: 89
  m_LightmapParameters: {fileID: 0}
  m_SortingLayerID: 0
  m_SortingLayer: 0
  m_SortingOrder: 1
  m_Sprite: {fileID: 21300000, guid: 64f3281537552164cbdff0aff967ccc0, type: 3}
  m_Color: {r: 1, g: 1, b: 1, a: 1}
  m_FlipX: 0
  m_FlipY: 0
  m_DrawMode: 0
  m_Size: {x: 19.2, y: 10.8}
  m_AdaptiveModeThreshold: 0.5
  m_SpriteTileMode: 0
  m_WasSpriteAssigned: 1
  m_MaskInteraction: 0
